@article{zasloff2002antimicrobial,
	title={Antimicrobial peptides of multicellular organisms},
	author={Zasloff, Michael},
	journal={nature},
	volume={415},
	number={6870},
	pages={389--395},
	year={2002},
	publisher={Nature Publishing Group}
}